<?xml version="1.0" encoding="UTF-8" ?>
<collection xmlns:xsi="http://www.w3.org/2001/XMLSchema-instance"
    xsi:schemaLocation="http://www.loc.gov/MARC21/slim
        http://www.loc.gov/standards/marcxml/schema/MARC21slim.xsd"
    xmlns="http://www.loc.gov/MARC21/slim">
<record>
  <leader>00237cam a2200445 i 4500</leader>
  <controlfield tag="001">b12455507</controlfield>
  <controlfield tag="003">LeBAU</controlfield>
  <controlfield tag="005">20190729</controlfield>
  <controlfield tag="008">970521s1955    ua       b      0   ara d</controlfield>
  <datafield tag="035" ind1=" " ind2=" ">
    <subfield code="a">ocn784324306</subfield>
  </datafield>
  <datafield tag="040" ind1=" " ind2=" ">
    <subfield code="a">LEAUB</subfield>
    <subfield code="b">ara</subfield>
    <subfield code="e">rda</subfield>
    <subfield code="c">LEAUB</subfield>
    <subfield code="d">LEAUB</subfield>
  </datafield>
  <datafield tag="082" ind1="0" ind2="4">
    <subfield code="a">349.567</subfield>
    <subfield code="2">20</subfield>
  </datafield>
  <datafield tag="100" ind1="1" ind2=" ">
    <subfield code="6">880-01</subfield>
    <subfield code="a">Dhannūn, Ḥasan.</subfield>
    <subfield code="e">author.</subfield>
    <subfield code="0">https://lccn.loc.gov/nr96007522 ,</subfield>
  </datafield>
  <datafield tag="245" ind1="1" ind2="0">
    <subfield code="6">880-02</subfield>
    <subfield code="a">Muḥāḍarāt fī al-qānūn al-madanī al-ʻIrāqī :</subfield>
    <subfield code="b">muqawwimāt al-mulkīyah wa-al-ḥuqūq al-ʻaynīyah wa-al-iʼtimān al-ʻaqārī /</subfield>
    <subfield code="c">alqāhā al-Duktūr Ḥasan al-Dhannūn, ʻalá ṭalabat qism al-dirāsāt al-qānūnīyah.</subfield>
  </datafield>
  <datafield tag="246" ind1="3" ind2=" ">
    <subfield code="6">880-03</subfield>
    <subfield code="i">Preliminaries:</subfield>
    <subfield code="a">Qānūn al-madanī al-ʻIrāqī</subfield>
  </datafield>
  <datafield tag="264" ind1=" " ind2="1">
    <subfield code="6">880-04</subfield>
    <subfield code="a">[al-Qāhirah] :</subfield>
    <subfield code="b">Jāmiʻat al-Duwal al-ʻArabīyah, Maʻhad al-Dirāsāt al-ʻArabīyah al-ʻĀliyah,</subfield>
    <subfield code="c">1955.</subfield>
  </datafield>
  <datafield tag="300" ind1=" " ind2=" ">
    <subfield code="6">880-05</subfield>
    <subfield code="a">94 pages ;</subfield>
    <subfield code="c">25 cm</subfield>
  </datafield>
  <datafield tag="336" ind1=" " ind2=" ">
    <subfield code="a">text</subfield>
    <subfield code="b">txt</subfield>
    <subfield code="2">rdacontent</subfield>
  </datafield>
  <datafield tag="337" ind1=" " ind2=" ">
    <subfield code="a">unmediated</subfield>
    <subfield code="b">n</subfield>
    <subfield code="2">rdamedia</subfield>
  </datafield>
  <datafield tag="338" ind1=" " ind2=" ">
    <subfield code="a">volume</subfield>
    <subfield code="b">nc</subfield>
    <subfield code="2">rdacarrier</subfield>
  </datafield>
  <datafield tag="500" ind1=" " ind2=" ">
    <subfield code="a">في رأس العنوان: جامعة الدول العربية، معهد الدراسات العربية العالية.</subfield>
  </datafield>
  <datafield tag="504" ind1=" " ind2=" ">
    <subfield code="a">يتضمن مراجع ببليوغرافية.</subfield>
  </datafield>
  <datafield tag="650" ind1=" " ind2="4">
    <subfield code="a">القانون المدني</subfield>
    <subfield code="z">العراق.</subfield>
  </datafield>
  <datafield tag="650" ind1=" " ind2="4">
    <subfield code="a">الملكية</subfield>
    <subfield code="z">العراق.</subfield>
  </datafield>
  <datafield tag="650" ind1=" " ind2="4">
    <subfield code="a">حق الملكية</subfield>
    <subfield code="z">العراق.</subfield>
  </datafield>
  <datafield tag="650" ind1=" " ind2="4">
    <subfield code="a">الموجبات (قانون)</subfield>
    <subfield code="z">العراق.</subfield>
  </datafield>
  <datafield tag="650" ind1=" " ind2="0">
    <subfield code="a">Civil law</subfield>
    <subfield code="z">Iraq.</subfield>
  </datafield>
  <datafield tag="650" ind1=" " ind2="0">
    <subfield code="a">Property</subfield>
    <subfield code="z">Iraq.</subfield>
  </datafield>
  <datafield tag="650" ind1=" " ind2="0">
    <subfield code="a">Right of property</subfield>
    <subfield code="z">Iraq.</subfield>
  </datafield>
  <datafield tag="650" ind1=" " ind2="0">
    <subfield code="a">Obligations (Law)</subfield>
    <subfield code="z">Iraq.</subfield>
  </datafield>
  <datafield tag="852" ind1=" " ind2=" ">
    <subfield code="a">Jafet Library</subfield>
    <subfield code="e">American University of Beirut, Bliss Street , Beirut, Lebanon.</subfield>
  </datafield>
  <datafield tag="880" ind1="1" ind2=" ">
    <subfield code="6">100-01/(3/r</subfield>
    <subfield code="a">الذنون، حسن،</subfield>
    <subfield code="0">https://lccn.loc.gov/nr96007522 ,</subfield>
    <subfield code="e">مؤلف. </subfield>
    <subfield code="4">aut.</subfield>
  </datafield>
  <datafield tag="880" ind1="1" ind2="0">
    <subfield code="6">245-02/(3/r</subfield>
    <subfield code="a">محاضرات في القانون المدني العراقي :</subfield>
    <subfield code="b">مقومات الملكية والحقوق العينية والإئتمان العقاري /</subfield>
    <subfield code="c">ألقاها الدكتور حسن الذنون، على طلبة قسم الدراسات القانونية.</subfield>
  </datafield>
  <datafield tag="880" ind1="3" ind2=" ">
    <subfield code="6">246-03/(3/r</subfield>
    <subfield code="i">العنوان على الصفحة التي تسبق صفحة العنوان:</subfield>
    <subfield code="a">القانون المدني العراقي</subfield>
  </datafield>
  <datafield tag="880" ind1=" " ind2="1">
    <subfield code="6">264-04/(3/r</subfield>
    <subfield code="a">[القاهرة] :</subfield>
    <subfield code="b">جامعة الدول العربية، معهد الدراسات العربية العالية،</subfield>
    <subfield code="c">1955.</subfield>
  </datafield>
  <datafield tag="880" ind1=" " ind2=" ">
    <subfield code="6">300-05/(3/r</subfield>
    <subfield code="a">94 صفحة ؛</subfield>
    <subfield code="c">25 سم</subfield>
  </datafield>
  <datafield tag="907" ind1=" " ind2=" ">
    <subfield code="a">.b12455507</subfield>
    <subfield code="b">19-08-20</subfield>
    <subfield code="c">11-05-24</subfield>
  </datafield>
  <datafield tag="907" ind1=" " ind2=" ">
    <subfield code="a">.b12455507</subfield>
    <subfield code="b">11-10-11</subfield>
    <subfield code="c">11-05-24</subfield>
  </datafield>
  <datafield tag="945" ind1=" " ind2=" ">
    <subfield code="f">J</subfield>
    <subfield code="a">349.567:D53mA:c.1</subfield>
    <subfield code="i">01021799</subfield>
    <subfield code="j">.i12934689</subfield>
    <subfield code="l">u0503</subfield>
  </datafield>
  <datafield tag="998" ind1=" " ind2=" ">
    <subfield code="a">u05</subfield>
    <subfield code="b">97-05-21</subfield>
    <subfield code="c">m</subfield>
    <subfield code="d">a  </subfield>
    <subfield code="e">-</subfield>
    <subfield code="f">ara</subfield>
    <subfield code="g">ua </subfield>
    <subfield code="h">0</subfield>
    <subfield code="i">1</subfield>
  </datafield>
</record>
</collection>
